%% This BibTeX bibliography file was created using BibDesk.
%% Created by andrehsiqueira
%% 

%% Created for André Henrique de Siqueira at 2019-02-03 19:44:43 -0200 


%% Saved with string encoding Unicode (UTF-8) 



@book{emmEvJoao,
	Address = {Bras{\'\i}lia},
	Author = {Francisco C{\^a}ndido Xavier},
	Date-Added = {2019-02-03 14:21:47 -0200},
	Date-Modified = {2019-02-03 19:17:43 -0200},
	Publisher = {Federa{\c c}{\~a}o Esp{\'\i}rita Brasileira},
	Title = {O Evangelho por Emmanuel. Evangelho segundo Jo{\~a}o. Pelo Esp{\'\i}rito Emmanuel. Edi{\c c}{\~a}o eletr{\^o}nica},
	Year = {2014}}

@misc{pactoaureo,
	Author = {Oswaldo Mello},
	Date-Added = {2019-01-17 18:35:31 -0200},
	Date-Modified = {2019-01-17 18:38:34 -0200},
	Howpublished = {Transcrito de Reformador, outubro de 1999 p. 10 e 11},
	Title = {Ata do Pacto {\'A}ureo Grande Confer{\^e}ncia Espirita do RJ. Transcrito de Reformador, outubro de 1999 p. 10 e 11},
	Year = {1949}}

@book{NvTestamento,
	Address = {Bras{\'\i}lia},
	Author = {Haroldo Dutra Dias},
	Date-Added = {2016-01-04 22:38:01 +0000},
	Date-Modified = {2016-01-04 22:49:16 +0000},
	Edition = {1a},
	Publisher = {FEB},
	Title = {O Novo Testamento - Evangelhos e Atos. (Tradu{\c c}{\~a}o)},
	Year = {2013}}

@book{DivaldoSF,
	Author = {Divaldo Franco},
	City = {Salvador},
	Edition = {2a},
	Owner = {andrehsiqueira},
	Publisher = {LEAL},
	Timestamp = {2018.01.29},
	Title = {Sementeira da Fraternidade. Por Diversos Esp{\'\i}ritos},
	Year = {1980}}

@book{Kardec1869,
	Address = {Rio de Janeiro},
	Author = {Allan Kardec},
	City = {Bras{\´i}lia},
	Date-Modified = {2015-05-14 03:07:46 +0000},
	Edition = {53a},
	Furtherresp = {Tradu{\c c}{\~a}o de Guillon Ribeiro},
	Key = {KARDEC :1969},
	Keywords = {Codifica{\c c}{\~a}o Esp{\'\i}rita},
	Owner = {deinf.siqueira},
	Publisher = {FEB},
	Timestamp = {2013.12.18},
	Title = {A G{\^e}nese os Milagres e as Predi{\c c}{\~o}es Segundo o Espiritismo},
	Year = {2013},
	Bdsk-File-1 = {YnBsaXN0MDDSAQIDBFxyZWxhdGl2ZVBhdGhZYWxpYXNEYXRhbxA5AC4ALgAvAEMAbwBkAGkAZgBpAGMAYQBjAycAYQBvACAARQBzAHAAaQMBAHIAaQB0AGEALwBBAEwATABBAE4AIABLAEEAUgBEAEUAQwAvADAANQAgAC0AIABBACAARwBlAwIAbgBlAHMAZQAuAHAAZABmTxEBzAAAAAABzAACAAALQXJpc3RvdGVsaXgAAAAAAAAAAAAAAAAAAAAA1tA+N0grAAAAACeWETA1IC0gQSBHkG5lc2UucGRmAAAAAAAAAAAAAAAAAAAAAAAAAAAAAAAAAAAAAAAAAAAAAAAAAAAAAAAAAAAAAAAAJ9LWoPM3AAAAAAAAAAAAAQADAAAJAAAAAAAAAAAAAAAAAAAAAAxBTExBTiBLQVJERUMAEAAIAADW0GhnAAAAEQAIAADWoQ9XAAAAAQAMAAAnlgAAJ4YAAB5AAAIATkFyaXN0b3RlbGl4OkBCaWJsaW90ZWNhOgBDb2RpZmljYY1hbyBFc3CScml0YToAQUxMQU4gS0FSREVDOgAwNSAtIEEgR5BuZXNlLnBkZgAOACYAEgAwADUAIAAtACAAQQAgAEcAZQMCAG4AZQBzAGUALgBwAGQAZgAPABgACwBBAHIAaQBzAHQAbwB0AGUAbABpAHgAEgBGL0BCaWJsaW90ZWNhL0NvZGlmaWNhY8ynYW8gRXNwacyBcml0YS9BTExBTiBLQVJERUMvMDUgLSBBIEdlzIJuZXNlLnBkZgATABQvVm9sdW1lcy9BcmlzdG90ZWxpeP//AAAACAANABoAJACZAAAAAAAAAgEAAAAAAAAABQAAAAAAAAAAAAAAAAAAAmk=}}

@book{Kardec1861,
	Address = {Rio de Janeiro},
	Author = {Allan Kardec},
	Date-Modified = {2015-05-14 03:08:41 +0000},
	Edition = {62a},
	Furtherresp = {Tradu{\c c}{\~a}o de Guillon Ribeiro},
	Key = {Kardec:1961},
	Keywords = {Codifica{\c c}{\~a}o Esp{\'\i}rita},
	Owner = {deinf.siqueira},
	Publisher = {FEB},
	Timestamp = {2013.12.18},
	Title = {O Livro dos M{\'e}diuns},
	Year = {1996},
	Bdsk-File-1 = {YnBsaXN0MDDSAQIDBFxyZWxhdGl2ZVBhdGhZYWxpYXNEYXRhbxBEAC4ALgAvAEMAbwBkAGkAZgBpAGMAYQBjAycAYQBvACAARQBzAHAAaQMBAHIAaQB0AGEALwBBAEwATABBAE4AIABLAEEAUgBEAEUAQwAvADAAMgAgAC0AIABPACAATABpAHYAcgBvACAAZABvAHMAIABNAGUDAQBkAGkAdQBuAHMALgBwAGQAZk8RAfoAAAAAAfoAAgAAC0FyaXN0b3RlbGl4AAAAAAAAAAAAAAAAAAAAANbQPjdIKwAAAAAnlhwwMiAtIE8gTGl2cm8gZG9zIE2OZGl1bnMucGRmAAAAAAAAAAAAAAAAAAAAAAAAAAAAAAAAAAAAAAAAAAAAAAAAAjLv1s2+klBERiAAAAAAAAEAAwAACQAAAAAAAAAAAAAAAAAAAAAMQUxMQU4gS0FSREVDABAACAAA1tBoZwAAABEACAAA1s3owgAAAAEADAAAJ5YAACeGAAAeQAACAFlBcmlzdG90ZWxpeDpAQmlibGlvdGVjYToAQ29kaWZpY2GNYW8gRXNwknJpdGE6AEFMTEFOIEtBUkRFQzoAMDIgLSBPIExpdnJvIGRvcyBNjmRpdW5zLnBkZgAADgA8AB0AMAAyACAALQAgAE8AIABMAGkAdgByAG8AIABkAG8AcwAgAE0AZQMBAGQAaQB1AG4AcwAuAHAAZABmAA8AGAALAEEAcgBpAHMAdABvAHQAZQBsAGkAeAASAFEvQEJpYmxpb3RlY2EvQ29kaWZpY2FjzKdhbyBFc3BpzIFyaXRhL0FMTEFOIEtBUkRFQy8wMiAtIE8gTGl2cm8gZG9zIE1lzIFkaXVucy5wZGYAABMAFC9Wb2x1bWVzL0FyaXN0b3RlbGl4//8AAAAIAA0AGgAkAK8AAAAAAAACAQAAAAAAAAAFAAAAAAAAAAAAAAAAAAACrQ==}}

@book{Kardec1864,
	Address = {Rio de Janeiro},
	Author = {Allan Kardec},
	Date-Added = {2012-04-07 09:01:35 +0000},
	Date-Modified = {2015-05-14 03:07:55 +0000},
	Edition = {112a},
	Furtherresp = {Tradu{\c c}{\~a}o de Guillon Ribeiro},
	Keywords = {Codifica{\c c}{\~a}o Esp{\'\i}rita},
	Publisher = {FEB},
	Title = {O Evangelho Segundo o Espiritismo.},
	Year = {1996},
	Bdsk-File-1 = {YnBsaXN0MDDSAQIDBFxyZWxhdGl2ZVBhdGhZYWxpYXNEYXRhbxBPAC4ALgAvAEMAbwBkAGkAZgBpAGMAYQBjAycAYQBvACAARQBzAHAAaQMBAHIAaQB0AGEALwBBAEwATABBAE4AIABLAEEAUgBEAEUAQwAvADAAMwAgAE8AIABFAHYAYQBuAGcAZQBsAGgAbwAgAFMAZQBnAHUAbgBkAG8AIABvACAARQBzAHAAaQByAGkAdABpAHMAbQBvAC4AcABkAGZPEQIcAAAAAAIcAAIAAAtBcmlzdG90ZWxpeAAAAAAAAAAAAAAAAAAAAADW0D43SCsAAAAAJ5YfMDMgTyBFdmFuZ2VsaG8gU2VndW5kIzIzNDFCLnBkZgAAAAAAAAAAAAAAAAAAAAAAAAAAAAAAAAAAAAAAAAAAAAI0G9XTa4dQREYgAAAAAAABAAMAAAkAAAAAAAAAAAAAAAAAAAAADEFMTEFOIEtBUkRFQwAQAAgAANbQaGcAAAARAAgAANXTlbcAAAABAAwAACeWAAAnhgAAHkAAAgBcQXJpc3RvdGVsaXg6QEJpYmxpb3RlY2E6AENvZGlmaWNhjWFvIEVzcJJyaXRhOgBBTExBTiBLQVJERUM6ADAzIE8gRXZhbmdlbGhvIFNlZ3VuZCMyMzQxQi5wZGYADgBSACgAMAAzACAATwAgAEUAdgBhAG4AZwBlAGwAaABvACAAUwBlAGcAdQBuAGQAbwAgAG8AIABFAHMAcABpAHIAaQB0AGkAcwBtAG8ALgBwAGQAZgAPABgACwBBAHIAaQBzAHQAbwB0AGUAbABpAHgAEgBbL0BCaWJsaW90ZWNhL0NvZGlmaWNhY8ynYW8gRXNwacyBcml0YS9BTExBTiBLQVJERUMvMDMgTyBFdmFuZ2VsaG8gU2VndW5kbyBvIEVzcGlyaXRpc21vLnBkZgAAEwAUL1ZvbHVtZXMvQXJpc3RvdGVsaXj//wAAAAgADQAaACQAxQAAAAAAAAIBAAAAAAAAAAUAAAAAAAAAAAAAAAAAAALl}}

@book{Kardec1857,
	Address = {Rio de Janeiro},
	Author = {Allan Kardec},
	Date-Added = {2012-04-07 03:11:25 +0000},
	Date-Modified = {2015-05-14 03:08:29 +0000},
	Edition = {76a},
	Keywords = {Codifica{\c c}{\~a}o Esp{\'\i}rita},
	Publisher = {FEB},
	Title = {O Livro dos Esp{\'\i}ritos. {Tradu{\c c}{\~a}o de Guillon Ribeiro}},
	Year = {1995},
	Bdsk-File-1 = {YnBsaXN0MDDSAQIDBFxyZWxhdGl2ZVBhdGhZYWxpYXNEYXRhbxBGAC4ALgAvAEMAbwBkAGkAZgBpAGMAYQBjAycAYQBvACAARQBzAHAAaQMBAHIAaQB0AGEALwBBAEwATABBAE4AIABLAEEAUgBEAEUAQwAvADAAMQAgAC0AIABPACAATABpAHYAcgBvACAAZABvAHMAIABFAHMAcABpAwEAcgBpAHQAbwBzAC4AcABkAGZPEQICAAAAAAICAAIAAAtBcmlzdG90ZWxpeAAAAAAAAAAAAAAAAAAAAADW0D43SCsAAAAAJ5YeMDEgLSBPIExpdnJvIGRvcyBFc3CScml0b3MucGRmAAAAAAAAAAAAAAAAAAAAAAAAAAAAAAAAAAAAAAAAAAAAAAIoNtbNt41QREYgAAAAAAABAAMAAAkAAAAAAAAAAAAAAAAAAAAADEFMTEFOIEtBUkRFQwAQAAgAANbQaGcAAAARAAgAANbN4b0AAAABAAwAACeWAAAnhgAAHkAAAgBbQXJpc3RvdGVsaXg6QEJpYmxpb3RlY2E6AENvZGlmaWNhjWFvIEVzcJJyaXRhOgBBTExBTiBLQVJERUM6ADAxIC0gTyBMaXZybyBkb3MgRXNwknJpdG9zLnBkZgAADgBAAB8AMAAxACAALQAgAE8AIABMAGkAdgByAG8AIABkAG8AcwAgAEUAcwBwAGkDAQByAGkAdABvAHMALgBwAGQAZgAPABgACwBBAHIAaQBzAHQAbwB0AGUAbABpAHgAEgBTL0BCaWJsaW90ZWNhL0NvZGlmaWNhY8ynYW8gRXNwacyBcml0YS9BTExBTiBLQVJERUMvMDEgLSBPIExpdnJvIGRvcyBFc3BpzIFyaXRvcy5wZGYAABMAFC9Wb2x1bWVzL0FyaXN0b3RlbGl4//8AAAAIAA0AGgAkALMAAAAAAAACAQAAAAAAAAAFAAAAAAAAAAAAAAAAAAACuQ==}}

@book{Kardec1865,
	Address = {Rio de Janeiro},
	Author = {Allan Kardec},
	Date-Modified = {2015-05-14 03:08:02 +0000},
	Edition = {40a},
	Furtherresp = {Tradu{\c c}{\~a}o de Manuel Justiniano Quint{\~a}o},
	Key = {KARDEC:1865},
	Keywords = {Codifica{\c c}{\~a}o Esp{\'\i}rita},
	Owner = {deinf.siqueira},
	Publisher = {FEB},
	Timestamp = {2013.12.18},
	Title = {O C{\'e}u e o Inferno. A Justi{\c c}a Divina Segundo o Espiritismo.},
	Year = {1995},
	Bdsk-File-1 = {YnBsaXN0MDDSAQIDBFxyZWxhdGl2ZVBhdGhZYWxpYXNEYXRhbxBCAC4ALgAvAEMAbwBkAGkAZgBpAGMAYQBjAycAYQBvACAARQBzAHAAaQMBAHIAaQB0AGEALwBBAEwATABBAE4AIABLAEEAUgBEAEUAQwAvADAANAAgAC0AIABPACAAQwBlAwEAdQAgAGUAIABvACAASQBuAGYAZQByAG4AbwAuAHAAZABmTxEB8gAAAAAB8gACAAALQXJpc3RvdGVsaXgAAAAAAAAAAAAAAAAAAAAA1tA+N0grAAAAACeWGjA0IC0gTyBDjnUgZSBvIEluZmVybm8ucGRmAAAAAAAAAAAAAAAAAAAAAAAAAAAAAAAAAAAAAAAAAAAAAAAAAAAAJ9HWzcOzAAAAAAAAAAAAAQADAAAJAAAAAAAAAAAAAAAAAAAAAAxBTExBTiBLQVJERUMAEAAIAADW0GhnAAAAEQAIAADWze3jAAAAAQAMAAAnlgAAJ4YAAB5AAAIAV0FyaXN0b3RlbGl4OkBCaWJsaW90ZWNhOgBDb2RpZmljYY1hbyBFc3CScml0YToAQUxMQU4gS0FSREVDOgAwNCAtIE8gQ451IGUgbyBJbmZlcm5vLnBkZgAADgA4ABsAMAA0ACAALQAgAE8AIABDAGUDAQB1ACAAZQAgAG8AIABJAG4AZgBlAHIAbgBvAC4AcABkAGYADwAYAAsAQQByAGkAcwB0AG8AdABlAGwAaQB4ABIATy9AQmlibGlvdGVjYS9Db2RpZmljYWPMp2FvIEVzcGnMgXJpdGEvQUxMQU4gS0FSREVDLzA0IC0gTyBDZcyBdSBlIG8gSW5mZXJuby5wZGYAABMAFC9Wb2x1bWVzL0FyaXN0b3RlbGl4//8AAAAIAA0AGgAkAKsAAAAAAAACAQAAAAAAAAAFAAAAAAAAAAAAAAAAAAACoQ==}}

@book{Kardec1995,
	Address = {Rio de Janeiro},
	Author = {Allan Kardec},
	Date-Modified = {2015-05-14 03:07:46 +0000},
	Edition = {36a},
	Furtherresp = {Tradu{\c c}{\~a}o de Guillon Ribeiro},
	Key = {KARDEC :1969},
	Keywords = {Codifica{\c c}{\~a}o Esp{\'\i}rita},
	Owner = {andrehsiqueira},
	Publisher = {FEB},
	Timestamp = {2018.02.07},
	Title = {A G{\^e}nese os Milagres e as Predi{\c c}{\~o}es Segundo o Espiritismo},
	Year = {1995},
	Bdsk-File-1 = {YnBsaXN0MDDSAQIDBFxyZWxhdGl2ZVBhdGhZYWxpYXNEYXRhbxA5AC4ALgAvAEMAbwBkAGkAZgBpAGMAYQBjAycAYQBvACAARQBzAHAAaQMBAHIAaQB0AGEALwBBAEwATABBAE4AIABLAEEAUgBEAEUAQwAvADAANQAgAC0AIABBACAARwBlAwIAbgBlAHMAZQAuAHAAZABmTxEBzAAAAAABzAACAAALQXJpc3RvdGVsaXgAAAAAAAAAAAAAAAAAAAAA1tA+N0grAAAAACeWETA1IC0gQSBHkG5lc2UucGRmAAAAAAAAAAAAAAAAAAAAAAAAAAAAAAAAAAAAAAAAAAAAAAAAAAAAAAAAAAAAAAAAJ9LWoPM3AAAAAAAAAAAAAQADAAAJAAAAAAAAAAAAAAAAAAAAAAxBTExBTiBLQVJERUMAEAAIAADW0GhnAAAAEQAIAADWoQ9XAAAAAQAMAAAnlgAAJ4YAAB5AAAIATkFyaXN0b3RlbGl4OkBCaWJsaW90ZWNhOgBDb2RpZmljYY1hbyBFc3CScml0YToAQUxMQU4gS0FSREVDOgAwNSAtIEEgR5BuZXNlLnBkZgAOACYAEgAwADUAIAAtACAAQQAgAEcAZQMCAG4AZQBzAGUALgBwAGQAZgAPABgACwBBAHIAaQBzAHQAbwB0AGUAbABpAHgAEgBGL0BCaWJsaW90ZWNhL0NvZGlmaWNhY8ynYW8gRXNwacyBcml0YS9BTExBTiBLQVJERUMvMDUgLSBBIEdlzIJuZXNlLnBkZgATABQvVm9sdW1lcy9BcmlzdG90ZWxpeP//AAAACAANABoAJACZAAAAAAAAAgEAAAAAAAAABQAAAAAAAAAAAAAAAAAAAmk=}}

@book{Kardec1890,
	Address = {Rio de Janeiro},
	Author = {Allan Kardec},
	Date-Added = {2015-04-30 22:09:16 +0000},
	Date-Modified = {2015-05-14 03:02:49 +0000},
	Furtherresp = {Tradu{\c c}{\~a}o de Guillon Ribeiro},
	Keywords = {Codifica{\c c}{\~a}o Esp{\'\i}rita},
	Publisher = {FEB},
	Read = {1},
	Title = {Obras p{\'o}stumas.},
	Year = {1976},
	Bdsk-File-1 = {YnBsaXN0MDDSAQIDBFxyZWxhdGl2ZVBhdGhZYWxpYXNEYXRhbxA/AC4ALgAvAEMAbwBkAGkAZgBpAGMAYQBjAycAYQBvACAARQBzAHAAaQMBAHIAaQB0AGEALwBBAEwATABBAE4AIABLAEEAUgBEAEUAQwAvADAANgAgAC0AIABPAGIAcgBhAHMAIABQAG8DAQBzAHQAdQBtAGEAcwAuAHAAZABmTxEB5AAAAAAB5AACAAALQXJpc3RvdGVsaXgAAAAAAAAAAAAAAAAAAAAA1tA+N0grAAAAACeWFzA2IC0gT2JyYXMgUJdzdHVtYXMucGRmAAAAAAAAAAAAAAAAAAAAAAAAAAAAAAAAAAAAAAAAAAAAAAAAAAAAAAAAJ9bJn734AAAAAAAAAAAAAQADAAAJAAAAAAAAAAAAAAAAAAAAAAxBTExBTiBLQVJERUMAEAAIAADW0GhnAAAAEQAIAADJn+goAAAAAQAMAAAnlgAAJ4YAAB5AAAIAVEFyaXN0b3RlbGl4OkBCaWJsaW90ZWNhOgBDb2RpZmljYY1hbyBFc3CScml0YToAQUxMQU4gS0FSREVDOgAwNiAtIE9icmFzIFCXc3R1bWFzLnBkZgAOADIAGAAwADYAIAAtACAATwBiAHIAYQBzACAAUABvAwEAcwB0AHUAbQBhAHMALgBwAGQAZgAPABgACwBBAHIAaQBzAHQAbwB0AGUAbABpAHgAEgBML0BCaWJsaW90ZWNhL0NvZGlmaWNhY8ynYW8gRXNwacyBcml0YS9BTExBTiBLQVJERUMvMDYgLSBPYnJhcyBQb8yBc3R1bWFzLnBkZgATABQvVm9sdW1lcy9BcmlzdG90ZWxpeP//AAAACAANABoAJAClAAAAAAAAAgEAAAAAAAAABQAAAAAAAAAAAAAAAAAAAo0=}}

@book{Pereira2011aa,
	Address = {Curitiba},
	Author = {Sandra Maria Borba Pereira and Cl{\'a}udia Lemos Farache},
	Date-Added = {2012-04-07 08:29:37 +0000},
	Date-Modified = {2012-04-07 08:32:16 +0000},
	Keywords = {Educa{\c c}{\~a}o},
	Publisher = {FEP},
	Title = {Saberes Necess{\'a}rios {\`a} Tarefa da Evangeliza{\c c}{\~a}o Infanto-Juvenil},
	Year = {2011}}

@book{PiresIFE,
	Address = {S{\~a}o Paulo},
	Author = {Jos{\'e} Herculano Pires},
	Date-Added = {2013-12-18 01:05:07 +0000},
	Date-Modified = {2013-12-18 01:59:24 +0000},
	Edition = {1a},
	Keywords = {Filosofia},
	Publisher = {Ed. Paid{\'e}ia},
	Title = {Introdu{\c c}{\~a}o {\`a} Filosofia Esp{\'\i}rita},
	Year = {1983},
	Bdsk-File-1 = {YnBsaXN0MDDSAQIDBFxyZWxhdGl2ZVBhdGhZYWxpYXNEYXRhbxBrAC4ALgAvAEMAbwBkAGkAZgBpAGMAYQBjAycAYQBvACAARQBzAHAAaQMBAHIAaQB0AGEALwBKAG8AcwBlAwEAIABIAGUAcgBjAHUAbABhAG4AbwAgAFAAaQByAGUAcwAvAEoALgBIAGUAcgBjAHUAbABhAG4AbwAgAFAAaQByAGUAcwAgAC0AIABJAG4AdAByAG8AZAB1AGMDJwBhAwMAbwAgAGEDAAAgAEYAaQBsAG8AcwBvAGYAaQBhACAARQBzAHAAaQMBAHIAaQB0AGEALgBwAGQAZk8RAnIAAAAAAnIAAgAAC0FyaXN0b3RlbGl4AAAAAAAAAAAAAAAAAAAAANbQPjdIKwAAAAAoKh9KLkhlcmN1bGFubyBQaXJlcyAtIEluIzI4M0EucGRmAAAAAAAAAAAAAAAAAAAAAAAAAAAAAAAAAAAAAAAAAAAAACg6zvDkEQAAAAAAAAAAAAEAAwAACQAAAAAAAAAAAAAAAAAAAAAUSm9zjiBIZXJjdWxhbm8gUGlyZXMAEAAIAADW0GhnAAAAEQAIAADO8QAxAAAAAQAMAAAoKgAAJ4YAAB5AAAIAZEFyaXN0b3RlbGl4OkBCaWJsaW90ZWNhOgBDb2RpZmljYY1hbyBFc3CScml0YToASm9zjiBIZXJjdWxhbm8gUGlyZXM6AEouSGVyY3VsYW5vIFBpcmVzIC0gSW4jMjgzQS5wZGYADgB4ADsASgAuAEgAZQByAGMAdQBsAGEAbgBvACAAUABpAHIAZQBzACAALQAgAEkAbgB0AHIAbwBkAHUAYwMnAGEDAwBvACAAYQMAACAARgBpAGwAbwBzAG8AZgBpAGEAIABFAHMAcABpAwEAcgBpAHQAYQAuAHAAZABmAA8AGAALAEEAcgBpAHMAdABvAHQAZQBsAGkAeAASAHwvQEJpYmxpb3RlY2EvQ29kaWZpY2FjzKdhbyBFc3BpzIFyaXRhL0pvc2XMgSBIZXJjdWxhbm8gUGlyZXMvSi5IZXJjdWxhbm8gUGlyZXMgLSBJbnRyb2R1Y8ynYcyDbyBhzIAgRmlsb3NvZmlhIEVzcGnMgXJpdGEucGRmABMAFC9Wb2x1bWVzL0FyaXN0b3RlbGl4//8AAAAIAA0AGgAkAP0AAAAAAAACAQAAAAAAAAAFAAAAAAAAAAAAAAAAAAADcw==}}

@book{Pires_espirito_tempo,
	Address = {S{\~a}o Paulo},
	Author = {Jos{\'e} Herculano Pires},
	Date-Added = {2013-12-18 02:46:14 +0000},
	Date-Modified = {2013-12-18 02:48:44 +0000},
	Edition = {3a},
	Keywords = {Antropologia; Filosofia; Mediunidade},
	Publisher = {Edicel},
	Title = {O Esp{\'\i}rito e o Tempo. Introdu{\c c}{\~a}o antropol{\'o}gica ao Espiritismo},
	Year = {1979}}

@book{Rocha2006,
	Address = {Rio de Janeiro},
	Author = {Cec{\'\i}lia Rocha},
	Date-Added = {2013-12-18 01:57:32 +0000},
	Date-Modified = {2015-05-14 03:02:49 +0000},
	Edition = {1a},
	Keywords = {Educa{\c c}{\~a}o; Evangeliza{\c c}{\~a}o},
	Publisher = {FEB},
	Title = {Pelos caminhos da evangeliza{\c c}{\~a}o},
	Year = {2006}}

@book{VidaSexo,
	Address = {Rio de Janeiro},
	Author = {Francisco C{\^a}ndido Xavier},
	Date-Added = {2015-05-14 05:04:12 +0000},
	Date-Modified = {2015-05-14 05:07:37 +0000},
	Edition = {27a},
	Keywords = {Emmanuel; Sexualidade; Fam{\'\i}lia},
	Publisher = {FEB},
	Title = {Vida e Sexo. Pelo Esp{\'\i}rito Emmanuel},
	Year = {2015},
	Bdsk-File-1 = {YnBsaXN0MDDSAQIDBFxyZWxhdGl2ZVBhdGhZYWxpYXNEYXRhbxA9AC4ALgAvAEMAbwBkAGkAZgBpAGMAYQBjAycAYQBvACAARQBzAHAAaQMBAHIAaQB0AGEALwBFAE0ATQBBAE4AVQBFAEwALwBFAG0AbQBhAG4AdQBlAGwAIAAtACAAVgBpAGQAYQAgAGUAIABTAGUAeABvAC4AcABkAGZPEQHiAAAAAAHiAAIAAAtBcmlzdG90ZWxpeAAAAAAAAAAAAAAAAAAAAADW0D43SCsAAAAAKAcaRW1tYW51ZWwgLSBWaWRhIGUgU2V4by5wZGYAAAAAAAAAAAAAAAAAAAAAAAAAAAAAAAAAAAAAAAAAAAAAAAAAAAAoHNVOIH8AAAAAAAAAAAABAAMAAAkAAAAAAAAAAAAAAAAAAAAACEVNTUFOVUVMABAACAAA1tBoZwAAABEACAAA1U5KrwAAAAEADAAAKAcAACeGAAAeQAACAFNBcmlzdG90ZWxpeDpAQmlibGlvdGVjYToAQ29kaWZpY2GNYW8gRXNwknJpdGE6AEVNTUFOVUVMOgBFbW1hbnVlbCAtIFZpZGEgZSBTZXhvLnBkZgAADgA2ABoARQBtAG0AYQBuAHUAZQBsACAALQAgAFYAaQBkAGEAIABlACAAUwBlAHgAbwAuAHAAZABmAA8AGAALAEEAcgBpAHMAdABvAHQAZQBsAGkAeAASAEkvQEJpYmxpb3RlY2EvQ29kaWZpY2FjzKdhbyBFc3BpzIFyaXRhL0VNTUFOVUVML0VtbWFudWVsIC0gVmlkYSBlIFNleG8ucGRmAAATABQvVm9sdW1lcy9BcmlzdG90ZWxpeP//AAAACAANABoAJAChAAAAAAAAAgEAAAAAAAAABQAAAAAAAAAAAAAAAAAAAoc=}}

@book{FonteViva,
	Address = {Bras{\'\i}lia},
	Author = {Francisco C{\^a}ndido Xavier},
	Booktitle = {Fonte Viva. Pelo Esp{\'\i}rito Emmanuel},
	Date-Added = {2015-05-14 00:45:59 +0000},
	Date-Modified = {2015-09-19 19:21:25 +0000},
	Keywords = {Emmanuel},
	Publisher = {FEB},
	Title = {Fonte Viva. Pelo Esp{\'\i}rito Emmanuel},
	Year = {2014},
	Bdsk-File-1 = {YnBsaXN0MDDSAQIDBFxyZWxhdGl2ZVBhdGhZYWxpYXNEYXRhbxA8AC4ALgAvAEMAbwBkAGkAZgBpAGMAYQBjAycAYQBvACAARQBzAHAAaQMBAHIAaQB0AGEALwBFAE0ATQBBAE4AVQBFAEwALwBFAG0AbQBhAG4AdQBlAGwAIAAtACAARgBvAG4AdABlACAAVgBpAHYAYQAuAHAAZABmTxEB3AAAAAAB3AACAAALQXJpc3RvdGVsaXgAAAAAAAAAAAAAAAAAAAAA1tA+N0grAAAAACgHGUVtbWFudWVsIC0gRm9udGUgVml2YS5wZGYAAAAAAAAAAAAAAAAAAAAAAAAAAAAAAAAAAAAAAAAAAAAAAAAAAAAAKA/PhwoFAAAAAAAAAAAAAQADAAAJAAAAAAAAAAAAAAAAAAAAAAhFTU1BTlVFTAAQAAgAANbQaGcAAAARAAgAAM+HNDUAAAABAAwAACgHAAAnhgAAHkAAAgBSQXJpc3RvdGVsaXg6QEJpYmxpb3RlY2E6AENvZGlmaWNhjWFvIEVzcJJyaXRhOgBFTU1BTlVFTDoARW1tYW51ZWwgLSBGb250ZSBWaXZhLnBkZgAOADQAGQBFAG0AbQBhAG4AdQBlAGwAIAAtACAARgBvAG4AdABlACAAVgBpAHYAYQAuAHAAZABmAA8AGAALAEEAcgBpAHMAdABvAHQAZQBsAGkAeAASAEgvQEJpYmxpb3RlY2EvQ29kaWZpY2FjzKdhbyBFc3BpzIFyaXRhL0VNTUFOVUVML0VtbWFudWVsIC0gRm9udGUgVml2YS5wZGYAEwAUL1ZvbHVtZXMvQXJpc3RvdGVsaXj//wAAAAgADQAaACQAnwAAAAAAAAIBAAAAAAAAAAUAAAAAAAAAAAAAAAAAAAJ/}}

@book{PaoNosso,
	Address = {Bras{\'\i}lia},
	Author = {Francisco C{\^a}ndido Xavier},
	Date-Added = {2015-05-14 05:01:11 +0000},
	Date-Modified = {2015-05-14 05:01:39 +0000},
	Keywords = {Emmanuel},
	Publisher = {FEB},
	Title = {P{\~a}o Nosso. Pelo Esp{\'\i}rito Emmanuel},
	Year = {2014},
	Bdsk-File-1 = {YnBsaXN0MDDSAQIDBFxyZWxhdGl2ZVBhdGhZYWxpYXNEYXRhbxA9AC4ALgAvAEMAbwBkAGkAZgBpAGMAYQBjAycAYQBvACAARQBzAHAAaQMBAHIAaQB0AGEALwBFAE0ATQBBAE4AVQBFAEwALwBFAG0AbQBhAG4AdQBlAGwAIAAtACAAUABhAG8AIABOAG8AcwBzAG8ALQAxAC4AcABkAGZPEQImAAAAAAImAAIAAAxQYW5vcmFtaXggSEQAAAAAAAAAAAAAAAAAAADRF7phSCsAAAARW5caRW1tYW51ZWwgLSBQYW8gTm9zc28tMS5wZGYAAAAAAAAAAAAAAAAAAAAAAAAAAAAAAAAAAAAAAAAAAAAAAAAAAIgnK81ht5kAAAAAAAAAAAABAAMAAAkgAAAAAAAAAAAAAAAAAAAACEVNTUFOVUVMABAACAAA0RfkkQAAABEACAAAzWHhyQAAAAEAGAARW5cAEVtIABFMmQAV9iEABTNPAADACgACAHdQYW5vcmFtaXggSEQ6VXNlcnM6AGFuZHJlaHNpcXVlaXJhOgBBcmlzdG90ZWxpeDoAQmlibGlvdGVjYToAQ29kaWZpY2GNYW8gRXNwknJpdGE6AEVNTUFOVUVMOgBFbW1hbnVlbCAtIFBhbyBOb3Nzby0xLnBkZgAADgA2ABoARQBtAG0AYQBuAHUAZQBsACAALQAgAFAAYQBvACAATgBvAHMAcwBvAC0AMQAuAHAAZABmAA8AGgAMAFAAYQBuAG8AcgBhAG0AaQB4ACAASABEABIAaFVzZXJzL2FuZHJlaHNpcXVlaXJhL0FyaXN0b3RlbGl4L0JpYmxpb3RlY2EvQ29kaWZpY2FjzKdhbyBFc3BpzIFyaXRhL0VNTUFOVUVML0VtbWFudWVsIC0gUGFvIE5vc3NvLTEucGRmABMAAS8AABUAAgAV//8AAAAIAA0AGgAkAKEAAAAAAAACAQAAAAAAAAAFAAAAAAAAAAAAAAAAAAACyw==}}

@book{Roteiro,
	Address = {Bras{\'\i}lia},
	Author = {Francisco C{\^a}ndido Xavier},
	Date-Added = {2014-10-04 15:52:51 +0000},
	Date-Modified = {2015-05-14 03:03:23 +0000},
	Edition = {14a},
	Keywords = {Emmanuel},
	Publisher = {FEB},
	Title = {Roteiro. Pelo Esp{\'\i}rito Emmanuel},
	Year = {2014},
	Abstract = {Neste livro, o pensamento apurado do autor espiritual apresenta li{\c
	c}{\~o}es inspiradas nos princ{\'\i}pios esp{\'\i}ritas iluminados
	pelo Evangelho. Objetivando orientar e alertar o homem para a busca
	constante do autoaprimoramento, aborda assuntos como: a miss{\~a}o
	de Jesus; a mediunidade; a mente; o perisp{\'\i}rito; a religi{\~a}o;
	o destino da Terra. S{\~a}o subs{\'\i}dios valiosos que permitem
	encontrar o verdadeiro caminho de liberta{\c c}{\~a}o espiritual
	por meio da pr{\'a}tica do amor incondicional.},
	Bdsk-File-1 = {YnBsaXN0MDDSAQIDBFxyZWxhdGl2ZVBhdGhZYWxpYXNEYXRhbxA6AC4ALgAvAEMAbwBkAGkAZgBpAGMAYQBjAycAYQBvACAARQBzAHAAaQMBAHIAaQB0AGEALwBFAE0ATQBBAE4AVQBFAEwALwBFAG0AbQBhAG4AdQBlAGwAIAAtACAAUgBvAHQAZQBpAHIAbwAgAC4AcABkAGZPEQHUAAAAAAHUAAIAAAtBcmlzdG90ZWxpeAAAAAAAAAAAAAAAAAAAAADW0D43SCsAAAAAKAcXRW1tYW51ZWwgLSBSb3RlaXJvIC5wZGYAAAAAAAAAAAAAAAAAAAAAAAAAAAAAAAAAAAAAAAAAAAAAAAAAAAAAAAAoG9LO2TMAAAAAAAAAAAABAAMAAAkAAAAAAAAAAAAAAAAAAAAACEVNTUFOVUVMABAACAAA1tBoZwAAABEACAAA0s71UwAAAAEADAAAKAcAACeGAAAeQAACAFBBcmlzdG90ZWxpeDpAQmlibGlvdGVjYToAQ29kaWZpY2GNYW8gRXNwknJpdGE6AEVNTUFOVUVMOgBFbW1hbnVlbCAtIFJvdGVpcm8gLnBkZgAOADAAFwBFAG0AbQBhAG4AdQBlAGwAIAAtACAAUgBvAHQAZQBpAHIAbwAgAC4AcABkAGYADwAYAAsAQQByAGkAcwB0AG8AdABlAGwAaQB4ABIARi9AQmlibGlvdGVjYS9Db2RpZmljYWPMp2FvIEVzcGnMgXJpdGEvRU1NQU5VRUwvRW1tYW51ZWwgLSBSb3RlaXJvIC5wZGYAEwAUL1ZvbHVtZXMvQXJpc3RvdGVsaXj//wAAAAgADQAaACQAmwAAAAAAAAIBAAAAAAAAAAUAAAAAAAAAAAAAAAAAAAJz}}

@book{MundoMaior,
	Address = {Bras{\'\i}lia},
	Author = {Francisco C{\^a}ndido Xavier},
	Date-Added = {2016-01-04 22:17:37 +0000},
	Date-Modified = {2016-01-04 22:29:03 +0000},
	Edition = {Vers{\~a}o eletr{\^o}nica para Kindle. 28ª ed},
	Keywords = {Andr{\'e} Luiz; Espiritimo; Transtornos Mentais},
	Publisher = {FEB},
	Title = {No Mundo Maior. Pelo Esp{\'\i}rito Andr{\'e} Luiz.},
	Year = {2013},
	Bdsk-File-1 = {YnBsaXN0MDDSAQIDBFxyZWxhdGl2ZVBhdGhZYWxpYXNEYXRhbxBGAC4ALgAvAEMAbwBkAGkAZgBpAGMAYQBjAycAYQBvACAARQBzAHAAaQMBAHIAaQB0AGEALwBBAE4ARABSAEUDAQAgAEwAVQBJAFoALwBBAG4AZAByAGUDAQAgAEwAdQBpAHoAIAAtACAATgBvACAATQB1AG4AZABvACAATQBhAGkAbwByAC4AcABkAGZPEQIAAAAAAAIAAAIAAAtBcmlzdG90ZWxpeAAAAAAAAAAAAAAAAAAAAADW0D43SCsAAAAAJ9ofQW5kco4gTHVpeiAtIE5vIE11bmRvIE1haW9yLnBkZgAAAAAAAAAAAAAAAAAAAAAAAAAAAAAAAAAAAAAAAAAAAAAn49Nr4kUAAAAAAAAAAAABAAMAAAkAAAAAAAAAAAAAAAAAAAAACkFORFKDIExVSVoAEAAIAADW0GhnAAAAEQAIAADTbAx1AAAAAQAMAAAn2gAAJ4YAAB5AAAIAWkFyaXN0b3RlbGl4OkBCaWJsaW90ZWNhOgBDb2RpZmljYY1hbyBFc3CScml0YToAQU5EUoMgTFVJWjoAQW5kco4gTHVpeiAtIE5vIE11bmRvIE1haW9yLnBkZgAOAEIAIABBAG4AZAByAGUDAQAgAEwAdQBpAHoAIAAtACAATgBvACAATQB1AG4AZABvACAATQBhAGkAbwByAC4AcABkAGYADwAYAAsAQQByAGkAcwB0AG8AdABlAGwAaQB4ABIAVC9AQmlibGlvdGVjYS9Db2RpZmljYWPMp2FvIEVzcGnMgXJpdGEvQU5EUkXMgSBMVUlaL0FuZHJlzIEgTHVpeiAtIE5vIE11bmRvIE1haW9yLnBkZgATABQvVm9sdW1lcy9BcmlzdG90ZWxpeP//AAAACAANABoAJACzAAAAAAAAAgEAAAAAAAAABQAAAAAAAAAAAAAAAAAAArc=}}

@book{IrmaoX2011,
	Address = {Bras{\'\i}lia},
	Author = {Francisco C{\^a}ndido Xavier},
	Date-Added = {2015-04-30 05:16:24 +0000},
	Date-Modified = {2019-01-12 17:47:05 -0200},
	Edition = {22a},
	Keywords = {Irm{\~a}o X},
	Publisher = {FEB},
	Rating = {5},
	Title = {A Boa Nova. Pelo espirito Humberto de Campos.},
	Year = {2011},
	Bdsk-File-1 = {YnBsaXN0MDDSAQIDBFxyZWxhdGl2ZVBhdGhZYWxpYXNEYXRhbxBGAC4ALgAvAEMAbwBkAGkAZgBpAGMAYQBjAycAYQBvACAARQBzAHAAaQMBAHIAaQB0AGEALwBIAFUATQBCAEUAUgBUAE8AIABEAEUAIABDAEEATQBQAE8AUwAgAC0AIABJAFIATQBBAwMATwAgAFgALwBBACAAQgBvAGEAIABOAG8AdgBhAC4AcABkAGZPEQHwAAAAAAHwAAIAAAtBcmlzdG90ZWxpeAAAAAAAAAAAAAAAAAAAAADW0D43SCsAAAAAKCMOQSBCb2EgTm92YS5wZGYAAAAAAAAAAAAAAAAAAAAAAAAAAAAAAAAAAAAAAAAAAAAAAAAAAAAAAAAAAAAAAAAAAAAoJNVvFVIAAAAAAAAAAAABAAMAAAkAAAAAAAAAAAAAAAAAAAAAHEhVTUJFUlRPIERFIENBTVBPUyAtIElSTcxPIFgAEAAIAADW0GhnAAAAEQAIAADVbz+CAAAAAQAMAAAoIwAAJ4YAAB5AAAIAW0FyaXN0b3RlbGl4OkBCaWJsaW90ZWNhOgBDb2RpZmljYY1hbyBFc3CScml0YToASFVNQkVSVE8gREUgQ0FNUE9TIC0gSVJNzE8gWDoAQSBCb2EgTm92YS5wZGYAAA4AHgAOAEEAIABCAG8AYQAgAE4AbwB2AGEALgBwAGQAZgAPABgACwBBAHIAaQBzAHQAbwB0AGUAbABpAHgAEgBTL0BCaWJsaW90ZWNhL0NvZGlmaWNhY8ynYW8gRXNwacyBcml0YS9IVU1CRVJUTyBERSBDQU1QT1MgLSBJUk1BzINPIFgvQSBCb2EgTm92YS5wZGYAABMAFC9Wb2x1bWVzL0FyaXN0b3RlbGl4//8AAAAIAA0AGgAkALMAAAAAAAACAQAAAAAAAAAFAAAAAAAAAAAAAAAAAAACpw==}}

@book{Xavier_EDUC_LUZ,
	Address = {S{\~a}o Paulo},
	Author = {Francisco C{\^a}ndido Xavier},
	Date-Modified = {2014-10-04 15:52:43 +0000},
	Edition = {3a},
	Key = {Xavier_EDUC_LUZ},
	Keywords = {Emmanuel},
	Owner = {deinf.siqueira},
	Publisher = {IDEAL},
	Timestamp = {2013.12.18},
	Title = {Educand{\'a}rio de Luz. Pelo Esp{\'\i}rito Emmanuel},
	Year = {2011}}

@book{Emmanuel_pensavida,
	Address = {Rio de Janeiro},
	Author = {Francisco C{\^a}ndido Xavier},
	Date-Added = {2013-12-18 02:10:19 +0000},
	Date-Modified = {2015-05-14 03:02:49 +0000},
	Keywords = {Filosofia; Emmanuel},
	Publisher = {FEB},
	Title = {Pensamento e Vida. Pelo Esp{\'\i}rito Emmanuel},
	Year = {2008},
	Bdsk-File-1 = {YnBsaXN0MDDSAQIDBFxyZWxhdGl2ZVBhdGhZYWxpYXNEYXRhbxBDAC4ALgAvAEMAbwBkAGkAZgBpAGMAYQBjAycAYQBvACAARQBzAHAAaQMBAHIAaQB0AGEALwBFAE0ATQBBAE4AVQBFAEwALwBFAG0AbQBhAG4AdQBlAGwAIAAtACAAUABlAG4AcwBhAG0AZQBuAHQAbwBfAGUAXwBWAGkAZABhAC4AcABkAGZPEQH4AAAAAAH4AAIAAAtBcmlzdG90ZWxpeAAAAAAAAAAAAAAAAAAAAADW0D43SCsAAAAAKAcfRW1tYW51ZWwgLSBQZW5zYW1lbnRvIzIzMkY1LnBkZgAAAAAAAAAAAAAAAAAAAAAAAAAAAAAAAAAAAAAAAAAAAAIy9dIHlpNQREYgAAAAAAABAAMAAAkAAAAAAAAAAAAAAAAAAAAACEVNTUFOVUVMABAACAAA1tBoZwAAABEACAAA0gfAwwAAAAEADAAAKAcAACeGAAAeQAACAFhBcmlzdG90ZWxpeDpAQmlibGlvdGVjYToAQ29kaWZpY2GNYW8gRXNwknJpdGE6AEVNTUFOVUVMOgBFbW1hbnVlbCAtIFBlbnNhbWVudG8jMjMyRjUucGRmAA4AQgAgAEUAbQBtAGEAbgB1AGUAbAAgAC0AIABQAGUAbgBzAGEAbQBlAG4AdABvAF8AZQBfAFYAaQBkAGEALgBwAGQAZgAPABgACwBBAHIAaQBzAHQAbwB0AGUAbABpAHgAEgBPL0BCaWJsaW90ZWNhL0NvZGlmaWNhY8ynYW8gRXNwacyBcml0YS9FTU1BTlVFTC9FbW1hbnVlbCAtIFBlbnNhbWVudG9fZV9WaWRhLnBkZgAAEwAUL1ZvbHVtZXMvQXJpc3RvdGVsaXj//wAAAAgADQAaACQArQAAAAAAAAIBAAAAAAAAAAUAAAAAAAAAAAAAAAAAAAKp}}

@book{Emannuel_esperanca,
	Address = {Uberaba},
	Author = {Francisco C{\^a}ndido Xavier},
	Date-Added = {2013-12-18 02:43:06 +0000},
	Date-Modified = {2014-10-04 15:52:30 +0000},
	Edition = {15a},
	Keywords = {Emmanuel},
	Publisher = {Editora Comunh{\~a}o Esp{\'\i}rita Crist{\~a} (CEC)},
	Title = {O Livro da Esperan{\c c}a. Pelo Esp{\'\i}rito Emmanuel},
	Year = {1998}}

@book{Emmanuel_emmanuel,
	Address = {Rio de Janeiro},
	Author = {Francisco C{\^a}ndido Xavier},
	Date-Added = {2015-09-19 19:22:08 +0000},
	Date-Modified = {2015-12-03 23:31:37 +0000},
	Edition = {17a},
	Keywords = {Emmanuel; Filosofia},
	Publisher = {FEB},
	Rating = {5},
	Read = {1},
	Title = {Disserta{\c c}{\~o}es Medi{\'u}nicas sobre importantes quest{\~o}es que preocupam a Humanidade. Pelo Esp{\'\i}rito Emmanuel},
	Year = {1997},
	Bdsk-File-1 = {YnBsaXN0MDDSAQIDBFxyZWxhdGl2ZVBhdGhZYWxpYXNEYXRhbxA6AC4ALgAvAEMAbwBkAGkAZgBpAGMAYQBjAycAYQBvACAARQBzAHAAaQMBAHIAaQB0AGEALwBFAE0ATQBBAE4AVQBFAEwALwBFAG0AbQBhAG4AdQBlAGwAIAAtACAARQBtAG0AYQBuAHUAZQBsAC4AcABkAGZPEQHUAAAAAAHUAAIAAAtBcmlzdG90ZWxpeAAAAAAAAAAAAAAAAAAAAADW0D43SCsAAAAAKAcXRW1tYW51ZWwgLSBFbW1hbnVlbC5wZGYAAAAAAAAAAAAAAAAAAAAAAAAAAAAAAAAAAAAAAAAAAAAAAAAAAAAAAAIzB9Tg0vNQREYgAAAAAAABAAMAAAkAAAAAAAAAAAAAAAAAAAAACEVNTUFOVUVMABAACAAA1tBoZwAAABEACAAA1OD9IwAAAAEADAAAKAcAACeGAAAeQAACAFBBcmlzdG90ZWxpeDpAQmlibGlvdGVjYToAQ29kaWZpY2GNYW8gRXNwknJpdGE6AEVNTUFOVUVMOgBFbW1hbnVlbCAtIEVtbWFudWVsLnBkZgAOADAAFwBFAG0AbQBhAG4AdQBlAGwAIAAtACAARQBtAG0AYQBuAHUAZQBsAC4AcABkAGYADwAYAAsAQQByAGkAcwB0AG8AdABlAGwAaQB4ABIARi9AQmlibGlvdGVjYS9Db2RpZmljYWPMp2FvIEVzcGnMgXJpdGEvRU1NQU5VRUwvRW1tYW51ZWwgLSBFbW1hbnVlbC5wZGYAEwAUL1ZvbHVtZXMvQXJpc3RvdGVsaXj//wAAAAgADQAaACQAmwAAAAAAAAIBAAAAAAAAAAUAAAAAAAAAAAAAAAAAAAJz}}

@book{Emmanuel,
	Address = {S{\~a}o Paulo},
	Author = {Francisco C{\^a}ndido Xavier},
	Date-Added = {2015-05-01 05:12:01 +0000},
	Date-Modified = {2015-05-01 05:12:06 +0000},
	Keywords = {Emmanuel},
	Publisher = {IDEAL},
	Title = {Luz no Caminho. Pelo Esp{\'\i}rito Emmanuel},
	Year = {1976},
	Bdsk-File-1 = {YnBsaXN0MDDSAQIDBFxyZWxhdGl2ZVBhdGhZYWxpYXNEYXRhbxBAAC4ALgAvAEMAbwBkAGkAZgBpAGMAYQBjAycAYQBvACAARQBzAHAAaQMBAHIAaQB0AGEALwBFAE0ATQBBAE4AVQBFAEwALwBFAG0AbQBhAG4AdQBlAGwAIAAtACAATAB1AHoAIABuAG8AIABDAGEAbQBpAG4AaABvAC4AcABkAGZPEQHsAAAAAAHsAAIAAAtBcmlzdG90ZWxpeAAAAAAAAAAAAAAAAAAAAADW0D43SCsAAAAAKAcdRW1tYW51ZWwgLSBMdXogbm8gQ2FtaW5oby5wZGYAAAAAAAAAAAAAAAAAAAAAAAAAAAAAAAAAAAAAAAAAAAAAAAAoEtFojkQAAAAAAAAAAAABAAMAAAkAAAAAAAAAAAAAAAAAAAAACEVNTUFOVUVMABAACAAA1tBoZwAAABEACAAA0Wi4dAAAAAEADAAAKAcAACeGAAAeQAACAFZBcmlzdG90ZWxpeDpAQmlibGlvdGVjYToAQ29kaWZpY2GNYW8gRXNwknJpdGE6AEVNTUFOVUVMOgBFbW1hbnVlbCAtIEx1eiBubyBDYW1pbmhvLnBkZgAOADwAHQBFAG0AbQBhAG4AdQBlAGwAIAAtACAATAB1AHoAIABuAG8AIABDAGEAbQBpAG4AaABvAC4AcABkAGYADwAYAAsAQQByAGkAcwB0AG8AdABlAGwAaQB4ABIATC9AQmlibGlvdGVjYS9Db2RpZmljYWPMp2FvIEVzcGnMgXJpdGEvRU1NQU5VRUwvRW1tYW51ZWwgLSBMdXogbm8gQ2FtaW5oby5wZGYAEwAUL1ZvbHVtZXMvQXJpc3RvdGVsaXj//wAAAAgADQAaACQApwAAAAAAAAIBAAAAAAAAAAUAAAAAAAAAAAAAAAAAAAKX}}

@book{Xavier1948aa,
	Address = {Rio de Janeiro},
	Author = {Francisco C{\^a}ndido Xavier},
	Date-Added = {2012-04-07 03:17:05 +0000},
	Date-Modified = {2015-05-14 03:02:49 +0000},
	Keywords = {Andr{\'e} Luiz},
	Publisher = {FEB},
	Title = {Evolu{\c c}{\~a}o em Dois Mundos. Pelo Esp{\'\i}rito Andr{\'e} Luiz},
	Year = {1958}}

@book{xavier1932parnaso,
	Address = {Rio de Janeiro},
	Author = {Xavier, Francisco C{\^a}ndido and others},
	Date-Added = {2016-02-08 04:30:23 +0000},
	Date-Modified = {2016-02-08 04:31:38 +0000},
	Publisher = {FEB},
	Title = {Parnaso de al{\'e}m-t{\'u}mulo},
	Year = {1932}}

@book{MecaMedi,
	Address = {Rio de Janeiro},
	Author = {Francisco C{\^a}ndido Xavier AND Waldo Vieira},
	Date-Added = {2015-05-16 03:21:53 +0000},
	Date-Modified = {2015-05-16 03:29:33 +0000},
	Edition = {25a},
	Keywords = {Andr{\'e} Luiz},
	Publisher = {FEB},
	Title = {Mecanismos da Mediunidade. Pelo Esp{\'\i}rito Andr{\'e} Luiz},
	Year = {2006},
	Bdsk-File-1 = {YnBsaXN0MDDSAQIDBFxyZWxhdGl2ZVBhdGhZYWxpYXNEYXRhbxBRAC4ALgAvAEMAbwBkAGkAZgBpAGMAYQBjAycAYQBvACAARQBzAHAAaQMBAHIAaQB0AGEALwBBAE4ARABSAEUDAQAgAEwAVQBJAFoALwBBAG4AZAByAGUDAQAgAEwAdQBpAHoAIAAtACAATQBlAGMAYQBuAGkAcwBtAG8AcwAgAGQAYQAgAE0AZQBkAGkAdQBuAGkAZABhAGQAZQAuAHAAZABmTxECIgAAAAACIgACAAALQXJpc3RvdGVsaXgAAAAAAAAAAAAAAAAAAAAA1tA+N0grAAAAACfaH0FuZHKOIEx1aXogLSBNZWNhbmlzbW8jMjdFMi5wZGYAAAAAAAAAAAAAAAAAAAAAAAAAAAAAAAAAAAAAAAAAAAAAJ+LUncQqAAAAAAAAAAAAAQADAAAJAAAAAAAAAAAAAAAAAAAAAApBTkRSgyBMVUlaABAACAAA1tBoZwAAABEACAAA1J3gSgAAAAEADAAAJ9oAACeGAAAeQAACAFpBcmlzdG90ZWxpeDpAQmlibGlvdGVjYToAQ29kaWZpY2GNYW8gRXNwknJpdGE6AEFORFKDIExVSVo6AEFuZHKOIEx1aXogLSBNZWNhbmlzbW8jMjdFMi5wZGYADgBYACsAQQBuAGQAcgBlAwEAIABMAHUAaQB6ACAALQAgAE0AZQBjAGEAbgBpAHMAbQBvAHMAIABkAGEAIABNAGUAZABpAHUAbgBpAGQAYQBkAGUALgBwAGQAZgAPABgACwBBAHIAaQBzAHQAbwB0AGUAbABpAHgAEgBfL0BCaWJsaW90ZWNhL0NvZGlmaWNhY8ynYW8gRXNwacyBcml0YS9BTkRSRcyBIExVSVovQW5kcmXMgSBMdWl6IC0gTWVjYW5pc21vcyBkYSBNZWRpdW5pZGFkZS5wZGYAABMAFC9Wb2x1bWVzL0FyaXN0b3RlbGl4//8AAAAIAA0AGgAkAMkAAAAAAAACAQAAAAAAAAAFAAAAAAAAAAAAAAAAAAAC7w==}}
