%% This BibTeX bibliography file was created using BibDesk.
%% http://bibdesk.sourceforge.net/

%% Created for Andr√© Henrique de Siqueira at 2019-01-28 23:52:48 -0200 


%% Saved with string encoding Unicode (UTF-8) 



@misc{pactoaureo2012,
	Author = {{Federa{\c c}{\~ao Esp\'\i}rita Brasileira}},
	Date-Modified = {2019-01-28 23:50:33 -0200},
	Month = {Jun},
	Title = {O Pacto {\'A}ureo},
	Url = {http://www.febnet.org.br/blog/geral/conheca-a-feb/o-pacto-aureo/},
	Urlaccessdate = {2 janeiro 2019},
	Year = {2012},
	Bdsk-Url-1 = {http://www.febnet.org.br/blog/geral/conheca-a-feb/o-pacto-aureo/}}
